@MISC{FMWikipedia,
    author      = {Wikipedia},
    title       = {{F}requency {M}odulation},
    year        = {2014},
    note        = {\\https://en.wikipedia.org/wiki/Frequency\_modulation},
}

@MISC{JNWikipedia,
    author      = {Wikipedia},
    title       = {{J}ohnson-{N}yquist {N}oise},
    year        = {2014},
    note        = {\\https://en.wikipedia.org/wiki/Johnson\_noise},
}

@MISC{AstroBaki,
    author      = {{A}stro{B}aki},
    title       = {{T}ermination},
    year        = {2014},
    note        = {\\https://casper.berkeley.edu/astrobaki/index.php/Termination},
}

@BOOK{ErrorBook,
    author      = {I.G.~Hughes and T.P.A~Hase},
    title       = {{M}easurements and their {U}ncertainties},
    year        = {2010},
    publisher   = {{O}xford {U}niversity {P}ress},
}

@MISC{Github,
    author      = {I.~Domagalski},
    year        = {2014},
    note        = {\\https://github.com/isaacdomagalski/astro121-radio-lab/tree/master/lab-analog},
}

